@misc{Sanderson,
  title    = {But what is a Fourier series? From heat flow to drawing with circles},
  url      = {https://www.youtube.com/watch?v=r6sGWTCMz2k},
  author   = {Sanderson, Grant},
  language = {en},
  year     = {2019},
  month    = {June}
}


@misc{SmarterEveryDay,
  url      = {https://youtu.be/ds0cmAV-Yek?si=CmmDjI76KKzgAK2-},
  language = {en},
  author   = {Destin Sandlin}
}
